@misc{wikipediaChessPiece,
	author = {},
	title = {{C}hess piece relative value - {W}ikipedia --- en.wikipedia.org},
	howpublished = {\url{https://en.wikipedia.org/wiki/Chess_piece_relative_value}},
	year = {},
	note = {[Accessed 25-01-2025]},
}